@article{monaghan1992smoothed,
  title={Smoothed particle hydrodynamics},
  author={Monaghan, Joe J},
  journal={Annual review of astronomy and astrophysics},
  volume={30},
  pages={543--574},
  year={1992}
}


@article{muller2007position,
  title={Position based dynamics},
  author={M{\"u}ller, Matthias and Heidelberger, Bruno and Hennix, Marcus and Ratcliff, John},
  journal={Journal of Visual Communication and Image Representation},
  volume={18},
  number={2},
  pages={109--118},
  year={2007},
  publisher={Elsevier}
}

@article{macklin2013position,
  title={Position based fluids},
  author={Macklin, Miles and M{\"u}ller, Matthias},
  journal={ACM Transactions on Graphics (TOG)},
  volume={32},
  number={4},
  pages={104},
  year={2013},
  publisher={ACM}
}

@article{macklin2014unified,
  title={Unified particle physics for real-time applications},
  author={Macklin, Miles and M{\"u}ller, Matthias and Chentanez, Nuttapong and Kim, Tae-Yong},
  journal={ACM Transactions on Graphics (TOG)},
  volume={33},
  number={4},
  pages={153},
  year={2014},
  publisher={ACM}
}

@article{Green,
  title={Particle simulation using cuda},
  author={Green, Simon},
  journal={NVIDIA whitepaper},
  year={2010}
}
